@Article{aalen78,
  author =	 {Aalen, Odd},
  year =	 1978,
  title =	 {Nonparametric Inference for a Family of Counting Processes},
  journal =	 {Annals of Statistics},
  volume =	 6,
  number =       4,
  pages =	 {701--726}
}

@Misc{addons-bundles,
  author =	 {Cottrell, Allin},
  title =	 {Extending gretl: addons and bundles},
  howpublished = {Presented at second gretl conference, Toru\'n},
  year =	 2011,
  url =	         {http://gretl.sourceforge.net/papers/addons.pdf}
}

@Misc{adkins15,
  author =	 {Adkins, Lee C. and Waters, Melissa S. and Hill, R. Carter},
  title =	 {Collinearity Diagnostics in gretl},
  howpublished = {Presented at fourth gretl conference, Berlin},
  year =	 2015,
  url =	         {https://learneconometrics.com/pdf/Collin/collin_gretl.pdf}
}

@Article{agresti92,
  author =	 {Agresti, A.},
  year =	 1992,
  title =	 {A Survey of Exact Inference for Contingency Tables},
  journal =	 {Statistical Science},
  volume =	 7,
  pages =	 {131--153}
}

@Article{akaike74,
  author =	 {Akaike, H.},
  year =	 1974,
  title =	 {A New Look at the Statistical Model Identification},
  journal =	 {IEEE Transactions on Automatic Control},
  volume =	 {AC-19},
  pages =	 {716--723}
}

@Article{almon65,
  author =	 {Almon, Shirley},
  year =	 1965,
  title =	 {The distributed lag between capital appropriations
                  and expenditures},
  journal =	 {Econometrica},
  volume =	 {33},
  number =       1,
  pages =	 {178--196}
}

@Article{anderson-hsiao81,
  author =	 {Anderson, T. W. and Hsiao, C.},
  year =	 1981,
  title =	 {Estimation of Dynamic Models with Error Components},
  journal =	 {Journal of the American Statistical Association},
  volume =	 76,
  pages =	 {598--606}
}

@Book{anderson-moore79,
  author =	 {Anderson, B. and Moore, J.},
  year =	 1979,
  title =	 {Optimal Filtering},
  publisher =	 {Prentice-Hall},
  address =	 {Upper Saddle River, NJ}
}

@Article{andrews91,
  author =	 {Andrews, D. W. K.},
  year =	 1991,
  title =	 {Heteroskedasticity and autocorrelation consistent
                  covariance matrix estimation},
  journal =	 {Econometrica},
  volume =	 59,
  pages =	 {817--858}
}

@Article{andrews92,
  author =	 {Andrews, D. W. K. and Monahan, J. C.},
  year =	 1992,
  title =	 {An Improved Heteroskedasticity and Autocorrelation
                  Consistent Covariance Matrix Estimator},
  journal =	 {Econometrica},
  volume =	 60,
  pages =	 {953--966}
}

@Book{arellano03,
  author =	 {Arellano, M.},
  year =	 2003,
  title =	 {Panel Data Econometrics},
  publisher =	 {Oxford University Press},
  address =	 {Oxford}
}

@Article{arellano-bond91,
  author =	 {Arellano, M. and Bond, S.},
  year =	 1991,
  title =	 {Some Tests of Specification for Panel Data: Monte
                  Carlo Evidence and an Application to Employment
                  Equations},
  journal =	 {The Review of Economic Studies},
  volume =	 58,
  pages =	 {277--297}
}

@Article{armesto10,
  author =	 {Armesto, Michelle T. and Kristie Engemann and
                  Michael Owyang},
  title =	 {Forecasting with mixed frequencies},
  journal =	 {Federal Reserve Bank of St. Louis Review},
  volume =	 92,
  number =	 6,
  year =	 2010,
  pages =	 {521--536},
  url =          {http://research.stlouisfed.org/publications/review/10/11/Armesto.pdf}
}

@Article{baiocchi03,
  author =	 {Baiocchi, G. and Distaso, W.},
  year =	 2003,
  title =	 {{GRETL}: Econometric software for the {GNU}
                  generation},
  journal =	 {Journal of Applied Econometrics},
  volume =	 18,
  pages =	 {105--110}
}

@Book{baltagi95,
  author =	 {Baltagi, B. H.},
  year =	 1995,
  title =	 {Econometric Analysis of Panel Data},
  publisher =	 {Wiley},
  address =	 {New York}
}

@Book{baltagi05,
  author =	 {Baltagi, B. H.},
  year =	 2005,
  title =	 {Econometric Analysis of Panel Data, 3e},
  publisher =	 {Wiley},
  address =	 {Chichester}
}

@Article{baltagi-akom90,
  author =	 {Baltagi, B. H. and Khanti-Akom, S.},
  year =	 1990,
  title =	 {On Efficient Estimation with Panel Data: An
                  Empirical Comparison of Instrumental Variables
                  Estimators},
  journal =	 {Journal of Applied Econometrics},
  volume =	 5,
  pages =	 {401--406}
}

@Article{baltagi-chang94,
  author =	 {Baltagi, B. H. and Chang, Y.-J.},
  year =	 1994,
  title =	 {Incomplete panels: A comparative study of
                  alternative estimators for the unbalanced one-way
                  error component regression model},
  journal =	 {Journal of Econometrics},
  volume =	 62,
  pages =	 {67--89}
}

@Article{baltagi-li90,
  author =	 {Baltagi, B. H. and Li, Q.},
  year =	 1990,
  title =	 {A lagrange multiplier test for the error components model 
		  with incomplete panels},
  journal =	 {Econometric Reviews},
  volume =	 9,
  pages =	 {103--107}
}

@Article{baltagi-Wu99,
  author =	 {Baltagi, B. H. and Wu, P. X.},
  year =	 1999,
  title =	 {Unequally Spaced Panel Data Regressions with {AR}(1)
                  Disturbances},
  journal =	 {Econometric Theory},
  volume =	 15,
  pages =	 {814--823}
}

@Article{BFN82,
  author =	 {Bhargava, A. and Franzini, L. and Narendranathan, W.},
  year =	 1982,
  title =	 {Serial Correlation and the Fixed Effects Model},
  journal =	 {Review of Economic Studies},
  volume =	 49,
  pages =	 {533--549}
}

@Article{barrodale74,
  author =	 {Barrodale, I. and Roberts, F. D. K.},
  year =	 1974,
  title =	 {Solution of an overdetermined system of equations in
                  the $\ell_l$ norm},
  journal =	 {Communications of the ACM},
  volume =	 17,
  pages =	 {319--320}
}

@Article{baum07,
  author =	 {Baum, Christopher F. and Schaffer, Mark E. and
                  Stillman, Steven},
  year =	 2007,
  title =	 {Enhanced routines for instrumental
                  variables/generalized method of moments estimation
                  and testing},
  journal =	 {The Stata Journal},
  volume =	 7,
  number =	 4,
  pages =	 {465--506}
}

@Article{baxter-king99,
  author =	 {Baxter, M. and King, R. G.},
  year =	 1999,
  title =	 {Measuring Business Cycles: Approximate Band-Pass
                  Filters for Economic Time Series},
  journal =	 {The Review of Economics and Statistics},
  volume =	 81,
  number =	 4,
  pages =	 {575--593}
}

@Article{beck-katz95,
  author =	 {Beck, N. and Katz, J. N.},
  year =	 1995,
  title =	 {What to do (and not to do) with Time-Series
                  Cross-Section Data},
  journal =	 {The American Political Science Review},
  volume =	 89,
  pages =	 {634--647}
}

@Book{belsley-etal80,
  author =	 {Belsley, D. and Kuh, E. and Welsch, R.},
  year =	 1980,
  title =	 {Regression Diagnostics},
  publisher =	 {Wiley},
  address =	 {New York}
}

@Unpublished{berwick03,
  author =	 {Berwick, R.},
  year =	 2003,
  title =	 {An idiot's guide to support vector machines},
  note =	 {MIT Department of Computational Linguistics},
  url =		 {http://www.svms.org/tutorials/Berwick2003.pdf}
}

@Article{bhargava-etal82,
  author =	{Bhargava, A. and Franzini, L. and Narendranathan, W.},
  year =	1982,
  title =	{Serial Correlation and the Fixed Effects Model},
  journal =	{Review of Economic Studies},
  volume =	49,
  pages =	{533--549}
}

@Article{bhhh74,
  author =	 {Berndt, E. and Hall, B. and Hall, R. and Hausman,
                  J.},
  year =	 1974,
  title =	 {Estimation and Inference in Nonlinear Structural
                  Models},
  journal =	 {Annals of Economic and Social Measurement},
  volume =	 3,
  number =	 4,
  pages =	 {653--665}
}

@Article{blundell-bond98,
  author =	 {Blundell, R. and Bond, S.},
  year =	 1998,
  title =	 {Initial Conditions and Moment Restrictions in
                  Dynamic Panel Data Models},
  journal =	 {Journal of Econometrics},
  volume =	 87,
  pages =	 {115--143}
}

@Article{Bollerslev-86,
  author = 	 {Bollerslev, Tim Peter},
  title = 	 {Generalized Autoregressive Conditional Heteroskedasticity},
  journal = 	 {Journal of Econometrics},
  year = 	 {1986},
  volume = 	 {31},
  pages = 	 {307--327}
}

@Article{bollerslev96,
  author =	 {Bollerslev, T. and Ghysels, E.},
  year =	 1996,
  title =	 {Periodic Autoregressive Conditional
                  Heteroscedasticity},
  journal =	 {Journal of Business and Economic Statistics},
  volume =	 14,
  pages =	 {139--151}
}

@Article{bolwoo92,
  author = 	 {Bollerslev, Tim and Wooldridge, Jeffrey M.},
  title = 	 {Quasi maximum likelihood estimation and inference in dynamic models 
                  with time varying covariances},
  journal = 	 {Economic Review},
  year = 	 {1992},
  volume = 	 {11},
  pages = 	 {143--172},
}

@Unpublished{Bond2001,
  author =	 {Stephen Bond and Anke Hoeffler and Jonathan Temple},
  title =	 {{GMM} Estimation of Empirical Growth Models},
  year =	 2001,
  note =	 {Economics Papers from Economics Group, Nuffield
                  College, University of Oxford, No 2001-W21}
}

@Article{bournay79,
  author =	 {Bournay, Jacques and Laroque, Guy},
  title =	 {Réflexions sur la méthode d'élaboration des comptes trimestriels},
  journal =      {Annales de l'inséé},
  year =	 1979,
  number =       36,
  pages =        {3--30},
  url =	         {http://www.jstor.com/stable/20075332}
}

@Misc{boswijk95,
  author =	 {Boswijk, H. Peter},
  title =	 {Identifiability of Cointegrated Systems},
  howpublished = {Tinbergen Institute Discussion Paper 95-78},
  year =	 1995,
  url =		 {http://www.ase.uva.nl/pp/bin/258fulltext.pdf}
}

@Article{boswijk-doornik04,
  author =	 {Boswijk, H. Peter and Doornik, Jurgen A.},
  year =	 2004,
  title =	 {Identifying, estimating and testing restricted
                  cointegrated systems: An overview},
  journal =	 {Statistica Neerlandica},
  volume =	 58,
  number =	 4,
  pages =	 {440--465}
}

@Book{box-jenkins76,
  author =	 {Box, G. E. P. and Jenkins, G.},
  year =	 1976,
  title =	 {Time Series Analysis: Forecasting and Control},
  publisher =	 {Holden-Day},
  address =	 {San Franciso}
}

@Article{box-muller58,
  author =	 {Box, G. E. P. and Muller, M. E.},
  year =	 1958,
  title =	 {A Note on the Generation of Random Normal Deviates},
  journal =	 {Annals of Mathematical Statistics},
  volume =	 29,
  pages =	 {610--611}
}

@Article{boyd2010,
  author =	 {Stephen Boyd and Neal Parikh and Eric Chu and Borja
                  Peleato and Jonathan Eckstein},
  year =	 2010,
  title =	 {Distributed Optimization and Statistical Learning
                  via the {A}lternating {D}irection {M}ethod of
                  {M}ultipliers},
  journal =	 {Foundations and Trends in Machine Learning},
  volume =	 3,
  number =	 1,
  pages =	 {1--122},
  url =          {https://dl.acm.org/doi/10.1561/2200000016}
}

@Article{brand-cassola04,
  author =	 {Brand, C. and Cassola, N.},
  year =	 2004,
  title =	 {A money demand system for euro area {M}3},
  journal =	 {Applied Economics},
  volume =	 36,
  number =	 8,
  pages =	 {817--838}
}

@Article{breusch-pagan79,
  author =	 {Breusch, T. S. and Pagan, A. R.},
  year =	 1979,
  title =	 {A Simple Test for Heteroscedasticity and Random
                  Coefficient Variation},
  journal =	 {Econometrica},
  volume =	 47,
  pages =	 {1287--1294}
}

@Article{brock-etal96,
  author =	 {Brock, W. A. and W. D. Dechert and J. A. Scheinkman
                  and B. LeBaron},
  year =	 1996,
  title =	 {A Test for Independence Based on the Correlation
                  Dimension},
  journal =	 {Econometric Reviews},
  volume =	 15,
  number =	 3,
  pages =	 {1287--1294}
}

@Article{brown-forsythe,
  author =	 {Brown, Morton B. and Alan B. Forsythe},
  year =	 1974,
  title =	 {Robust tests for the equality of variances},
  journal =	 {Journal of the American Statistical Association},
  volume =	 69,
  number =	 346,
  pages =	 {364--367 }
}

@Article{butterworth30,
  author =	 {Butterworth, S.},
  year =	 1930,
  title =	 {On the Theory of Filter Amplifiers},
  journal =	 {Experimental Wireless \& The Wireless Engineer},
  volume =       7,
  pages =	 {536--541}
}

@Article{byrd-etal95,
  author =	 {Byrd, R. H. and Lu, P. and Nocedal, J. and Zhu, C.},
  year =	 1995,
  title =	 {A Limited Memory Algorithm for Bound Constrained
                  Optimization},
  journal =	 {SIAM Journal on Scientific Computing},
  volume =	 16,
  number =       5,
  pages =	 {1190--1208}
}

@Article{CGM2011,
  author =	 {Cameron, A. Colin and Gelbach, Jonah B. and Miller, Douglas L.},
  title =	 {Robust Inference With Multiway Clustering},
  journal =	 {Journal of Business \& Economic Statistics},
  volume =	 29,
  number =	 2,
  year =	 2011,
  pages =	 {238--249}
}

@Article{cameron-miller15,
  author =	 {Cameron, A. Colin and Miller, Douglas L.},
  title =	 {A Practitioner's Guide to Cluster-Robust Inference},
  journal =	 {Journal of Human Resources},
  volume =	 50,
  number =	 2,
  year =	 2015,
  pages =	 {317--373}
}

@Article{cameron-trivedi86,
  author =	 {Cameron, A. Colin and Trivedi, Pravin K.},
  title =	 {Econometric models based on count data: comparisons
                  and applications of some estimators and tests},
  year =	 1986,
  journal =	 {Journal of Applied Econometrics},
  volume =	 1,
  pages =	 {29--54}
}

@Book{cameron-trivedi98,
  author =	 {Cameron, A. Colin and Trivedi, Pravin K.},
  year =	 1998,
  title =	 {Regression Analysis of Count Data},
  publisher =	 {Cambridge University Press},
  address =	 {Cambridge}
}

@Book{cameron-trivedi05,
  author =	 {Cameron, A. Colin and Trivedi, Pravin K.},
  year =	 2005,
  title =	 {Microeconometrics, Methods and Applications},
  publisher =	 {Cambridge University Press},
  address =	 {Cambridge}
}

@Book{cameron-trivedi13,
  author =       {Cameron, A. Colin and Trivedi, Pravin K.},
  title =        {{Regression Analysis of Count Data}},
  publisher =    {Cambridge University Press},
  year =         2013,
  month =        {November}
}

@Article{cardoso07,
  author =	 {Cardoso, J. and Pinto da Costa, J.},
  title =	 {Learning to classify ordinal data: the data
                  replication method},
  journal =	 {Journal of Machine Learning Research},
  year =	 2007,
  volume =	 {8},
  pages =	 {1393--1429}
}

@Article{CEL96,
  author =	 {Francesco Caselli and Gerardo Esquivel and Fernando
                  Lefort},
  title =	 {Reopening the Convergence Debate: A New Look at
                  Cross-Country Growth Empirics},
  journal =	 {Journal of Economic Growth},
  year =	 1996,
  volume =	 {1},
  number =	 {3},
  pages =	 {363--389}
}

@Article{chatterjee-hadi86,
  author =	 {Samprit Chatterjee and Ali S. Hadi},
  title =	 {Influential Observations, High Leverage Points, and
                  Outliers in Linear Regression},
  journal =	 {Statistical Science},
  year =	 1986,
  volume =	 {1},
  number =	 {3},
  pages =	 {379--416}
}

@Article{chesher-irish87,
  author =	 {Chesher, A. and Irish, M.},
  year =	 1987,
  title =	 {Residual Analysis in the Grouped and Censored Normal
                  Linear Model},
  journal =	 {Journal of Econometrics},
  volume =	 34,
  pages =	 {33--61}
}

@Article{choi01,
  author =	 {Choi, In},
  title =	 {Unit root tests for panel data},
  journal =	 {Journal of International Money and Finance},
  year =	 2001,
  volume =	 20,
  number =	 2,
  pages =	 {249--272}
}

@Article{cholette84,
  author =	 {Cholette, Pierre A.},
  title =	 {Adjusting sub-annual series to yearly benchmarks},
  journal =	 {Survey Methodology},
  year =	 1984,
  volume =	 10,
  number =	 1,
  pages =	 {35--49},
  url =          {https://www150.statcan.gc.ca/n1/pub/12-001-x/1984001/article/14348-eng.pdf}
}

@Article{chowlin71,
  author =	 {Chow, Gregory C. and Lin, An-loh},
  title =	 {Best Linear Unbiased Interpolation, Distribution, 
                  and Extrapolation of Time Series by Related Series},
  journal =	 {The Review of Economics and Statistics},
  year =	 1971,
  volume =	 53,
  number =	 4,
  pages =	 {372--375},
  url =          {https://www.jstor.org/stable/1928739}
}

@Article{cleveland79,
  author =	 {Cleveland, William S.},
  title =	 {Robust Locally Weighted Regression and Smoothing Scatterplots}, 
  journal =	 {Journal of the American Statistical Association},
  year =	 1979,
  volume =	 74,
  number =	 368,
  pages =	 {829--836}
}

@Article{commandeur-etal11,
  author =	 {Commandeur, Jacques J. F. and Koopman, Siem Jan and Ooms, Marius},
  title =	 {Statistical Software for State Space Methods},
  journal =	 {Journal of Statistical Software},
  year =	 2011,
  volume =	 41,
  number =	 1,
  pages =	 {1--18}
}

@Article{cornwell88,
  author =	 {Cornwell, C. and Rupert, P.},
  title =	 {Efficient Estimation with Panel Data: An Empirical
                  Comparison of Instrumental Variables Estimators}, 
  journal =	 {Journal of Applied Econometrics},
  year =	 1988,
  volume =	 3,
  pages =	 {149--155}
}

@Article{cornwell94,
  author =	 {Cornwell, C. and Trumbull, W.},
  title =	 {Estimating the Economic Model of Crime with Panel Data}, 
  journal =	 {Review of Economics and Statistics},
  year =	 1994,
  volume =	 76,
  pages =	 {360--366}
}

@Article{cortez09,
  author =	 {Cortez, P. and Cerdeira, A. and Almeida, F. and
                  Matos, T. and Reis, J.},
  title =	 {Modeling wine preferences by data mining from
                  physicochemical properties},
  journal =	 {Decision Support Systems},
  year =	 2009,
  volume =	 47,
  number =	 4,
  pages =	 {547--553},
  url =		 {https://doi.org/10.1016/j.dss.2009.05.016}
}

@Misc{cottrell15,
  author =	  {Cottrell, Allin},
  title =	  {Response surfaces for {DF}-{GLS} p-values},
  howpublished  = {Working paper},
  year =	  2015,
  url =	          {http://gretl.sourceforge.net/papers/df-gls-pvals.pdf}
}

@Misc{cottrell16,
  author =       {Cottrell, Allin and Riccardo Lucchetti and Matteo
                  Pelagatti},
  title =        {Measures of variance for smoothed disturbances in
                  linear state-space models: a clariﬁcation},
  howpublished = {gretl working papers, number 3},
  year =         2016,
  url =          {https://ideas.repec.org/p/anc/wgretl/3.html}
}

@Misc{cottrell17,
  author =	  {Cottrell, Allin},
  title =	  {Random effects estimators for unbalanced panel data:
                   a {M}onte {C}arlo analysis},
  howpublished  = {gretl working papers, number 4},
  year =	  2017,
  url =	          {https://ideas.repec.org/p/anc/wgretl/4.html}
}

@Misc{cottrell-mpi,
  author =	  {Cottrell, Allin},
  title =	  {gretl + {MPI}},
  howpublished  = {gretl documentation},
  year =	  2019,
  url =	          {https://sf.net/projects/gretl/files/manual/}
}

@Misc{cottrell-svm,
  author =	  {Cottrell, Allin},
  title =	  {gretl + {SVM}},
  howpublished  = {gretl documentation},
  year =	  2019,
  url =	          {https://sf.net/projects/gretl/files/manual/}
}

@Article{CraggDonald1993,
  author =	 {John G. Cragg and Stephen G. Donald},
  title =	 {Testing Identifiability and Specification in
                  Instrumental Variable Models},
  journal =	 {Econometric Theory},
  year =	 1993,
  volume =	 9,
  pages =	 {222--240}
}

@Article{cribari-neto03,
  author =	 {Cribari-Neto, F. and Zarkos, S. G.},
  year =	 2003,
  title =	 {Econometric and Statistical Computing Using {O}x},
  journal =	 {Computational Economics},
  volume =	 21,
  pages =	 {277--295}
}

@Misc{plm165,
  author =	 {Croissant, Y.},
  title =	 {Package `plm'},
  howpublished = {R package documentation},
  year =	 2016,
  url =          {https://cran.r-project.org/package=plm}
}

@Article{cureton67,
  author =	 {Cureton, E.},
  year =	 1967,
  title =	 {The Normal Approximation to the Signed-Rank Sampling
                  Distribution when Zero Differences are Present},
  journal =	 {Journal of the American Statistical Association},
  volume =	 62,
  pages =	 {1068--1069}
}

@Misc{datta-du12,
  author =	 {Datta, Deepa Dhume and Du, Wenxin},
  title =	 {Nonparametric {HAC} Estimation for Time Series Data
                  with Missing Observations},
  howpublished = {Board of Governors of the Federal Reserve System,
                  International Finance Discussion Papers, Number
                  1060},
  year =	 2012,
  url =		 {https://www.federalreserve.gov/pubs/ifdp/2012/1060/ifdp1060.pdf}
}

@Misc{davidson-flachaire01,
  author =	 {Davidson, R. and Flachaire, E.},
  title =	 {The Wild Bootstrap, Tamed at Last},
  howpublished = {GREQAM Document de Travail 99A32},
  year =	 2001,
  url =          {http://russell.vcharite.univ-mrs.fr/GMMboot/wild5-euro.pdf}
}  

@Book{davidson-mackinnon93,
  author =	 {Davidson, R. and MacKinnon, J. G.},
  year =	 1993,
  title =	 {Estimation and Inference in Econometrics},
  publisher =	 {Oxford University Press},
  address =	 {New York}
}

@Book{davidson-mackinnon04,
  author =	 {Davidson, R. and MacKinnon, J. G.},
  year =	 2004,
  title =	 {Econometric Theory and Methods},
  publisher =	 {Oxford University Press},
  address =	 {New York}
}

@InCollection{DCMT00,
  author =	 {Matsumoto, Makoto and Nishimura, Takuji},
  year =	 2000,
  title =	 {Dynamic Creation of Pseudorandom Number Generators},
  booktitle =	 {Monte-Carlo and Quasi-Monte Carlo Methods 1998},
  publisher =	 {Springer},
}

@Article{dejong91,
  author =	 {de Jong, P.},
  year =	 1991,
  title =	 {The Diffuse {K}alman Filter},
  journal =	 {The Annals of Statistics},
  volume =	 19,
  pages =	 {1073--1083}
}

@Article{dejong-lin03,
  author =	 {de Jong, P. and Chu-Chun-Lin, S.},
  year =	 2003,
  title =	 {Smoothing with an Unknown Initial Condition},
  journal =	 {Journal of Time Series Analysis},
  volume =	 24,
  number =       2,
  pages =	 {141--148}
}

@Article{dejong-penzer98,
  author =	 {de Jong, P. and Penzer, J.},
  year =	 1998,
  title =	 {Diagnosing Shocks in Time Series},
  journal =	 {Journal of the American Statistical Association},
  volume =	 93,
  number =       442,
  pages =	 {796--806}
}

@Article{denton71,
  author =	 {Denton, Frank T.},
  year =	 1971,
  title =	 {Adjustment of Monthly or Quarterly Series to Annual
                  Totals: An Approach Based on Quadratic Minimization},
  journal =	 {Journal of the American Statistical Association},
  volume =	 66,
  number =	 333,
  pages =	 {99--102},
  url =          {http://www.jstor.com/stable/2284856}
}

@Misc{difonzo2003,
  author =	 {Di Fonzo, Tommaso},
  title =	 {Benchmarking di serie storiche economiche. {N}ota
                  tecnica ed estensioni},
  howpublished = {Working paper, Università degli Studi di Padova},
  year =	 2003,
  url = 	 {http://paduaresearch.cab.unipd.it/7302/1/WP_2003_10.pdf}
}

@Misc{difonzo2012,
  author =	 {Di Fonzo, Tommaso and Marini, Marco},
  title =	 {On the Extrapolation with the {D}enton Proportional Benchmarking Method},
  howpublished = {IMF Working Paper WP/12/169},
  year =	 2012,
  url = 	 {https://www.imf.org/external/pubs/ft/wp/2012/wp12169.pdf}
}

@Misc{doornik95,
  author =	 {Doornik, J. A.},
  title =	 {Testing general restrictions on the cointegrating
                  space},
  howpublished = {Discussion Paper, Nuffield College},
  year =	 1995,
  url = 	 {http://www.doornik.com/research/coigen.pdf}
}

@Misc{doornik05,
  author =	 {Doornik, J. A.},
  title =	 {An Improved Ziggurat Method to Generate Normal
                  Random Samples},
  howpublished = {Discussion Paper, University of Oxford},
  year =	 2005,
  url =	         {http://www.doornik.com/research/ziggurat.pdf}
}

@TechReport{DPBwp,
  author =	 {Riccardo Lucchetti and Claudia Pigini},
  title =	 {{DPB}: Dynamic Panel Binary data models in Gretl},
  year =	 2015,
  month =	 Apr,
  institution =	 {Universit{\`a} Politecnica delle Marche (I),
                  Dipartimento di Scienze Economiche e Sociali},
  type =	 {gretl working papers},
  url =		 {http://ideas.repec.org/p/anc/wgretl/1.html},
  number =	 {1}
}

@Manual{DPDmanual,
  title =	 {Panel Data estimation using {DPD} for {O}x},
  author =	 {Jurgen A. Doornik and Manuel Arellano and Stephen Bond},
  year =	 2006
}

@Article{driscoll_kraay98,
  author =	 {Driscoll, John C. and Kraay, Aart C.},
  year =	 1998,
  title =	 {Consistent Covariance Matrix Estimation with
                  Spatially Dependent Panel Data},
  journal =	 {Review of Economics and Statistics},
  volume =	 80,
  number =	 4,
  pages =	 {549--560},
  url =		 {https://www.jstor.org/stable/2646837}
}

@Book{mcaleer-oxley99,
  author =	 {M. McAleer and L. Oxley},
  year =	 1999,
  title =	 {Practical Issues in Cointegration Analysis},
  publisher =	 {Blackwell},
  address =	 {Oxford}
}

@Article{doornik98,
  author =	 {Jurgen A. Doornik},
  year =	 1998,
  title =	 {Approximations to the Asymptotic Distribution of
                  Cointegration Tests},
  journal =	 {Journal of Economic Surveys},
  volume =	 12,
  pages =	 {573--593},
  note =	 {Reprinted with corrections in
                  \cite{mcaleer-oxley99}}
}

@Book{doornik07,
  author =	 {Doornik, J. A.},
  year =	 2007,
  title =	 {Object-Oriented Matrix Programming Using Ox},
  publisher =	 {Timberlake Consultants Press},
  edition =	 {Third},
  address =	 {London},
  url =	         {http://www.doornik.com}
}

@Misc{doornik-hansen94,
  author =	 {Doornik, J. A. and Hansen, H.},
  year =	 1994,
  title =	 {An Omnibus Test for Univariate and Multivariate
                  Normality},
  howpublished = {Working paper, Nuffield College, Oxford}
}

@Book{durbin-koopman12,
  author =	 {Durbin, J. and Koopman, Siem Jan},
  year =	 2012,
  title =	 {Time Series Analysis by State Space Methods},
  edition =	 {Second},
  publisher =	 {Oxford University Press},
  address =	 {Oxford}
}

@Article{edgerton94,
  author =	 {Edgerton, D. and Wells, C.},
  year =	 1994,
  title =	 {Critical Values for the Cusumsq Statistic in Medium
                  and Large Sized Samples},
  journal =	 {Oxford Bulletin of Economics and Statistics},
  volume =	 56,
  pages =	 {355--365}
}

@Article{ERS96,
  author =	 {Elliott, G. and Rothenberg, T. J. and Stock,
                  J. H.},
  year =	 1996,
  title =	 {Efficient Tests for an Autoregressive Unit Root},
  journal =	 {Econometrica},
  volume =	 64,
  pages =	 {813--836}
}

@Article{engle-granger87,
  author =	 {Engle, Robert F. and Granger, Clive W. J.},
  year =	 1987,
  title =	 {Co-integration and Error Correction: Representation,
                  Estimation, and Testing},
  journal =	 {Econometrica},
  volume =	 55,
  pages =	 {251--276}
}

@Article{estrella98,
  author =	 {Estrella, Arturo},
  year =	 1998,
  title =	 {A New Measure of Fit for Equations With Dichotomous
                  Dependent Variables},
  journal =	 {Journal of Business \& Economic Statistics},
  volume =	 16,
  number =	 2,
  pages =	 {198--205},
  url =		 {https://doi.org/10.1080/07350015.1998.10524753}
}

@Article{fernandez81,
  author =	 {Fernández, Roque B.},
  year =	 1981,
  title =	 {A Methodological Note on the Estimation of Time Series},
  journal =	 {The Review of Economics and Statistics},
  volume =	 63,
  number =       3,
  pages =	 {471--476},
  url =          {https://www.jstor.org/stable/1924371}
}

@Article{ferrier-lovell90,
  author =	 {Ferrier, Gary D. and Lovell, C. A. Knox},
  year =	 1990,
  title =	 {Measuring cost efficiency in banking: Econometric
                  and linear programming evidence},
  journal =	 {Journal of Econometrics},
  volume =	 46,
  pages =	 {229--245},
  url =          {https://doi.org/10.1016/0304-4076(90)90057-Z}
}

@Article{fiorentini96,
  author =	 {Fiorentini, G. and Calzolari, G. and Panattoni, L.},
  year =	 1996,
  title =	 {Analytic Derivatives and the Computation of {GARCH}
                  Estimates},
  journal =	 {Journal of Applied Econometrics},
  volume =	 11,
  pages =	 {399--417}
}

@Article{fisher22,
  author =	 {Fisher, R. A.},
  year =	 1922,
  title =	 {On the mathematical foundations of theoretical
                  statistics},
  journal =	 {Philosophical Transactions of the Royal Society of
                  London, Series A},
  volume =	 222,
  pages =	 {309--368}
}

@InProceedings{frank-hall01,
  author =	 {Frank, Eibe and Hall, Mark},
  editor =	 {De Raedt, Luc and Flach, Peter},
  title =	 {A Simple Approach to Ordinal Classification},
  booktitle =	 {Machine Learning: ECML 2001},
  year =	 2001,
  publisher =	 {Springer},
  address =	 {Berlin},
  pages =	 {145--156}
}

@Article{glmnet10,
  author =	 {Friedman, J. and Hastie, T. and Tibshirani, R.},
  year =	 2010,
  title =	 {Regularization Paths for Generalized Linear Models
                  via Coordinate Descent},
  journal =	 {Journal of Statistical Software},
  volume =	 33,
  number =	 1,
  pages =	 {1--22},
  url =          {https://www.jstatsoft.org/article/view/v033i01/v33i01.pdf}
}

@Article{frigo05,
  author =	 {Frigo, M. and Johnson, S. G.},
  year =	 2005,
  title =	 {The Design and Implementation of {FFTW3}},
  journal =	 {Proceedings of the IEEE 93},
  volume =	 2,
  pages =	 {216--231}
}

@Article{gardner80,
  author =	 {Gardner, G. and Harvey, A. C. and Phillips, G. D. A.},
  year =	 1980,
  title =	 {An Algorithm for Exact Maximum Likelihood Estimation
                  of Autoregressive--Moving Average Models by Means of
                  {K}alman filtering},
  journal =	 {Journal of the Royal Statistical Society, Series C
                  (Applied Statistics)},
  volume =	 29,
  number =	 3,
  pages =	 {311--322}
}

@InCollection{geweke91,
  author =	 {Geweke, J.},
  year =	 1991,
  title =	 {Efficient simulation from the multivariate normal
                  and student-t distributions subject to linear
                  constraints},
  pages =	 {571--578},
  booktitle =	 {Computer Science and Statistics: Proceedings of the
                  Twenty-third symposium on the Interface},
  publisher =	 {American Statistical Association},
  address =	 {Alexandria, VA}
}

@Misc{ghysels04,
  author = 	 {Ghysels, Eric and Santa-Clara, Pedro and Valkanov, Rossen},
  title = 	 {The {MIDAS} Touch: Mixed Data Sampling Regression Models},
  howpublished = {S\'erie Scientifique, CIRANO, Montr\'eal},
  year = 	 2004,
  url =          {http://www.cirano.qc.ca/files/publications/2004s-20.pdf}
}

@Misc{ghysels15,
  author = 	 {Ghysels, Eric},
  title = 	 {{MIDAS} {M}atlab {T}oolbox},
  howpublished = {University of North Carolina, Chapel Hill},
  year = 	 2015,
  url =          {http://www.unc.edu/~eghysels/papers/MIDAS_Usersguide_V1.0.pdf}
}

@Misc{ghysels-qian16,
  author = 	 {Ghysels, Eric and Qian, Hang},
  title = 	 {Estimating {MIDAS} Regressions via {OLS} with
                  Polynomial Parameter Profiling},
  howpublished = {University of North Carolina, Chapel Hill, and MathWorks},
  year = 	 2016,
  url =          {http://dx.doi.org/10.2139/ssrn.2837798}
}

@Article{GPH83,
  author = 	 {Geweke, J. and Porter-Hudak, S.},
  title = 	 {The estimation and application of long memory
                  time series models},
  journal = 	 {Journal of Time Series Analysis},
  year = 	 1983,
  volume =	 4,
  pages =	 {221--238}
}

@Article{godfrey94,
  author =	 {Godfrey, L. G.},
  title =	 {Testing for Serial Correlation by Variable Addition
                  in Dynamic Models Estimated by Instrumental
                  Variables},
  journal =	 {The Review of Economics and Statistics},
  year =	 1994,
  volume =	 76,
  number =	 3,
  pages =	 {550--559}
}

@Article{golub69,
  author =	 {Golub, G. H. and Welsch, John H.},
  title =	 {Calculation of {G}auss quadrature rules},
  journal =	 {Mathematics of Computation},
  year =	 1969,
  volume =	 23,
  pages =	 {221--230}
}

@Book{golub96,
  author =	 {Golub, G. H. and Van Loan, C. F.},
  year =	 1996,
  title =	 {Matrix Computations},
  publisher =	 {The John Hopkins University Press},
  edition =	 {Third},
  address =	 {Baltimore and London}
}

@Book{goossens04,
  author =	 {Goossens, M. and Mittelbach, F. and Samarin, A.},
  year =	 2004,
  title =	 {The \LaTeX\ Companion},
  publisher =	 {Addison-Wesley},
  edition =	 {Second},
  address =	 {Boston}
}

@Misc{gould13,
  author =       {Gould, William},
  year =         2013,
  title =        {Interpreting the intercept in the fixed-effects model},
  publisher =    {StataCorp},
  url =	         {http://www.stata.com/support/faqs/statistics/intercept-in-fixed-effects-model/}
}

@Book{gourieroux96,
  author =	 {Gourieroux, C. and Monfort, A.},
  year =	 1996,
  title =	 {Simulation-Based Econometric Methods},
  publisher =	 {Oxford University Press},
  address =	 {Oxford}
}

@Article{gourieroux87,
  author =	 {Gourieroux, C. and Monfort, A. and Renault, E. and
                  Trognon, A.},
  year =	 1987,
  title =	 {Generalized Residuals},
  journal =	 {Journal of Econometrics},
  volume =	 34,
  pages =	 {5--32}
}

@Book{greene00,
  author =	 {Greene, William H.},
  year =	 2000,
  title =	 {Econometric Analysis},
  publisher =	 {Prentice-Hall},
  edition =	 {Fourth},
  address =	 {Upper Saddle River, NJ}
}

@Book{greene03,
  author =	 {Greene, William H.},
  year =	 2003,
  title =	 {Econometric Analysis},
  publisher =	 {Prentice-Hall},
  edition =	 {Fifth},
  address =	 {Upper Saddle River, NJ}
}

@Article{greenwood26,
  author =	 {Greenwood, M.},
  year =	 1926,
  title =	 {The Natural Duration of Cancer},
  journal =	 {Ministry of Health Reports on Public Health and Medical Subjects},
  volume =	 33,
  pages =	 {1--26}
}

@Article{griliches76,
  author =	 {Griliches, Zvi},
  year =	 1976,
  title =	 {Wages of Very Young Men},
  journal =	 {Journal of Political Economy},
  volume =	 84,
  number =       4,
  pages =	 {S69--S85}
}

@Book{GCR,
  author =	 {Cottrell, Allin and Lucchetti, Riccardo},
  year =	 2017,
  title =	 {Gretl {C}ommand {R}eference},
  publisher =    {gretl documentation},
  url =          {http://sourceforge.net/projects/gretl/files/manual/}
}

@Book{GFPG,
  author =	 {Cottrell, Allin and Lucchetti, Riccardo},
  year =	 2016,
  title =	 {Gretl {F}unction {P}ackage {G}uide},
  publisher =    {gretl documentation},
  url =          {http://sourceforge.net/projects/gretl/files/manual/}
}

@Misc{gretl-mpi,
  author =	 {Cottrell, Allin and Lucchetti, Riccardo},
  year =	 2017,
  title =	 {Gretl + {MPI}},
  publisher =    {gretl documentation},
  url =          {http://sourceforge.net/projects/gretl/files/manual/gretl-mpi.pdf}
}

@Book{GUG,
  author =	 {Cottrell, Allin and Lucchetti, Riccardo},
  year =	 2017,
  title =	 {Gretl {U}ser's {G}uide},
  publisher =    {gretl documentation},
  url =          {http://sourceforge.net/projects/gretl/files/manual/}
}

@Book{gujarati03,
  author =	 {Gujarati, Damodar N.},
  year =	 2003,
  title =	 {Basic Econometrics},
  publisher =	 {McGraw-Hill},
  edition =	 {Fourth},
  address =	 {Boston}
}

@Article{haavelmo44,
  author =	 {Haavelmo, Trygve},
  year =	 1944,
  title =	 {The Probability Approach in Econometrics},
  journal =	 {Econometrica},
  volume =	 {12, Supplement},
  pages =	 {1--115}
}

@Book{hall05,
  author =	 {Hall, Alastair D.},
  year =	 2005,
  title =	 {Generalized Method of Moments},
  publisher =	 {Oxford University Press},
  address =	 {Oxford}
}

@Article{halton64,
  author =	 {Halton, J. H. and Smith, G. B.},
  year =	 1964,
  title =	 {Algorithm 247: Radical-inverse quasi-random point
                  sequence},
  journal =	 {Communications of the ACM},
  volume =	 7,
  pages =	 {701--702}
}

@Book{hamilton94,
  author =	 {Hamilton, James D.},
  year =	 1994,
  title =	 {Time Series Analysis},
  publisher =	 {Princeton University Press},
  address =	 {Princeton, NJ}
}

@Article{hannan-quinn79,
  author =	 {Hannan, E. J. and Quinn, B. G.},
  year =	 1979,
  title =	 {The Determination of the Order of an Autoregression},
  journal =	 {Journal of the Royal Statistical Society, B},
  volume =	 41,
  pages =	 {190--195}
}

@Article{hansen82,
  author =	 {Hansen, Lars Peter},
  year =	 1982,
  title =	 {Large Sample Properties of Generalized Method of
                  Moments Estimation},
  journal =	 {Econometrica},
  volume =	 50,
  number =	 4,
  pages =	 {1029--1054}
}

@Article{hansen97,
  author =	 {Hansen, B. E.},
  year =	 1997,
  title =	 {Approximate Asymptotic P Values for Structural-Change Tests},
  journal =	 {Journal of Business \& Economic Statistics},
  volume =	 15,
  pages =	 {60--67}
}

@Article{hansen-singleton82,
  author =	 {Hansen, L. P. and Singleton, K. J.},
  year =	 1982,
  title =	 {Generalized Instrumental Variables Estimation of
                  Nonlinear Rational Expectations Models},
  journal =	 {Econometrica},
  volume =	 50,
  pages =	 {1269--1286}
}

@book{hansen-sargent2013,
  title =	 {Recursive models of dynamic linear economies},
  author =	 {Hansen, Lars Peter and Sargent, Thomas J.},
  year =	 {2013},
  publisher =	 {Princeton University Press}
}

@Book{hansl-primer,
  author =	 {Cottrell, Allin and Lucchetti, Riccardo},
  year =	 2016,
  title =	 {A {H}ansl {P}rimer},
  publisher =    {gretl documentation},
  url =          {http://sourceforge.net/projects/gretl/files/manual/}
}

@Book{harvey89,
  author =	 {Harvey, Andrew C.},
  year =	 1989,
  title =	 {Forecasting, Structural Time Series Models and the
                  Kalman Filter},
  publisher =	 {Cambridge University Press},
  address =	 {Cambridge}
}

@article{harvey1993detrending,
  title =	 {Detrending, stylized facts and the business cycle},
  author =	 {Harvey, Andrew C. and Jaeger, Albert},
  journal =	 {Journal of Applied Econometrics},
  volume =	 8,
  number =	 3,
  pages =	 {231--247},
  year =	 1993,
  publisher =	 {Wiley Online Library}
}

@Article{harvey-koopman92,
  author =	 {Harvey, Andrew C. and Koopman, Siem Jan},
  year =	 1992,
  title =	 {Diagnostic Checking of Unobserved-Components Time
                  Series Models},
  journal =	 {Journal of Business \& Economic Statistics},
  volume =	 10,
  number =	 4,
  pages =	 {377--389}
}

@Article{harvey-pierse84,
  author =	 {Harvey, Andrew C. and Pierse, R. G.},
  year =	 1984,
  title =	 {Estimating Missing Observations in Economic Time Series},
  journal =	 {Journal of the American Statistical Association},
  volume =	 79,
  number =	 385,
  pages =	 {125--131}
}

@Misc{HCL16,
  author =	 {Hsu, Chih-Wei and Chang, Chih-Chung and Lin, Chih-Jen},
  title =	 {A Practical Guide to Support Vector Classification},
  howpublished = {Department of Computer Science, National Taiwan University},
  year =	 2016,
  url =	         {http://www.csie.ntu.edu.tw/~cjlin/papers/guide/guide.pdf}
}

@Incollection{HKP98,
  author =	 {Harvey, Andrew C. and Koopman, Siem Jan and Penzer, Jeremy},
  title =	 {Messy Time Series: A Unified Approach},
  editor =       {Fomby, Thomas B. and Hill, R. Carter},
  booktitle =    {Advances in Econometrics, Volume 13},
  year =	 1998,
  publisher =    {JAI Press},
  address =      {Greenwich, CT},
  pages =	 {103--143}
}

@Book{harvey-proietti05,
  author =	 {Harvey, Andrew C. and Proietti, T.},
  year =	 2005,
  title =	 {Readings in Unobserved Component Models},
  publisher =	 {Oxford University Press},
  address =	 {Oxford}
}

@Article{hausman78,
  author =	 {Hausman, J. A.},
  year =	 1978,
  title =	 {Specification Tests in Econometrics},
  journal =	 {Econometrica},
  volume =	 46,
  pages =	 {1251--1271}
}

@Article{hausman-taylor81,
  author =	 {Hausman, J. A. and Taylor, W. E.},
  year =	 1981,
  title =	 {Panel data and unobservable individual effects},
  journal =	 {Econometrica},
  volume =	 49,
  pages =	 {1377--1398}
}

@Article{heckman79,
  author =	 {Heckman, J.},
  year =	 1979,
  title =	 {Sample Selection Bias as a Specification Error},
  journal =	 {Econometrica},
  volume =	 47,
  pages =	 {153--161}
}

@Article{helske17,
  author =	 {Helske, J.},
  year =	 2017,
  title =	 {{KFAS}: Exponential Family State Space Models in {R}},
  journal =	 {Journal of Statistical Software},
  volume =	 78,
  number =       10,
  pages =	 {1--39},
  URL =          {https://doi.org/10.18637/jss.v078.i10}
}

@Article{hyndman96,
  author =	 {Hyndman, Rob and Fan, Yanan},
  year =	 1996,
  title =	 {Sample Quantiles in Statistical Packages},
  journal =	 {The American Statistician},
  volume =	 50,
  number =       4,
  pages =	 {361--365}
}

@Article{hodrick97,
  author =	 {Hodrick, Robert and Prescott, Edward C.},
  year =	 1997,
  title =	 {Postwar {U.S.} Business Cycles: An Empirical
                  Investigation},
  journal =	 {Journal of Money, Credit and Banking},
  volume =	 29,
  pages =	 {1--16}
}

@Article{hoechle07,
  author =	 {Hoechle, Daniel},
  year =	 2007,
  title =	 {Robust Standard Errors for Panel Regressions with
                  Cross-Sectional Dependence},
  journal =	 {The Stata Journal},
  volume =	 7,
  number =	 3,
  pages =	 {281--312},
  url =		 {https://doi.org/10.1177/1536867X0700700301}
}

@Article{Ignacio-HEGY,
  author =	 {D\'iaz-Emparanza, Ignacio},
  year =	 2014,
  title =	 {Numerical distribution functions for seasonal unit
                  root tests},
  journal =	 {Computational Statistics and Data Analysis},
  volume =	 76,
  pages =	 {237--247}
}

@Article{IPS03,
  author =	 {Im, K. S. and Pesaran, M. H. and Shin, Y.},
  title =	 {Testing for unit roots in heterogeneous panels},
  journal =	 {Journal of Econometrics},
  year =	 2003,
  volume =	 115,
  pages =	 {53--74}
}

@Article{imhof61,
  author =	 {Imhof, J. P.},
  year =	 1961,
  title =	 {Computing the Distribution of Quadratic Forms in
                  Normal Variables},
  journal =	 {Biometrika},
  volume =	 48,
  pages =	 {419--426}
}

@article{Islam1995,
  title =	{{Growth Empirics: A Panel Data Approach}},
  author =	{Islam, Nazrul},
  year =	{1995},
  journal =	{The Quarterly Journal of Economics},
  volume =	{110},
  number =	{4},
  pages =	{1127--1170}
}

@Article{JBL84,
  author =	 {Bera, A. K. and Jarque, C. M. and Lee, L. F.},
  year =	 1984,
  title =	 {Testing the normality assumption in limited
                  dependent variable models},
  journal =	 {International Economic Review},
  volume =	 25,
  pages =	 {563--578}
}

@Book{johansen95,
  author =	 {Johansen, S\o{}ren},
  year =	 1995,
  title =	 {Likelihood-Based Inference in Cointegrated Vector
                  Autoregressive Models},
  publisher =	 {Oxford University Press},
  address =	 {Oxford}
}

@Unpublished{jordan04,
  author =	 {Jordan, M.},
  year =	 2004,
  title =	 {The kernel trick},
  note =	 {UC Berkeley Department of Electrical Engineering and
                  Computer Sciences},
  url =          {https://people.eecs.berkeley.edu/~jordan/courses/281B-spring04/lectures/lec3.pdf}
}

@Book{kalbfleisch02,
  author =	 {Kalbfleisch, Jack D. and Prentice, Ross L.},
  year =	 2002,
  title =	 {The Statistical Analysis of Failure Time Data},
  publisher =	 {Wiley},
  edition =	 {Second},
  address =	 {New York}
}

@article{kalman60,
  author =	 {Kalman, Rudolph Emil},
  title =	 {A New Approach to Linear Filtering and Prediction
                  Problems},
  journal =	 {Transactions of the ASME--Journal of Basic
                  Engineering},
  volume =	 82,
  number =	 {Series D},
  pages =	 {35--45},
  year =	 1960
}

@article{kantorovich60,
  author =	 {Kantorovich, Leonid V.},
  title =	 {Mathematical Methods of Organizing and Planning
                  Production},
  journal =	 {Management Science},
  volume =	 6,
  number =	 4,
  pages =	 {363--505},
  year =	 1960
}

@Misc{kanzler99,
  author =	 {Kanzler, Ludwig},
  title =	 {Very Fast and Correctly Sized Estimation of the
                  {BDS} Statistic},
  howpublished = {Working paper},
  year =	 1999,
  url =		 {http://dx.doi.org/10.2139/ssrn.151669}
}

@article{kaplan-meier,
  author =	 {Kaplan, E. L. and Meier, Paul},
  title =	 {Nonparametric Estimation from Incomplete Observations},
  journal =	 {Journal of the American Statistical Association},
  volume =	 53,
  number =	 {282},
  pages =	 {457--481},
  month =        {June},
  year =	 1958
}

@Misc{karibzhanov,
  author =	 {Karibzhanov, Iskander},
  title =	 {Fixed-interval Smoothing},
  year = 	 {n.d.},
  url =	         {http://karibzhanov.com/help/kalcvs.htm}
}

@Article{keane97,
  author =	 {Keane, Michael P. and Wolpin, Kenneth I.},
  year =	 1997,
  title =	 {The Career Decisions of Young Men},
  journal =	 {Journal of Political Economy},
  volume =	 105,
  pages =	 {473--522}
}

@article{KingRebelo1993,
  title =        {Low frequency filtering and real business cycles},
  author =       {King, Robert G and Rebelo, Sergio T},
  journal =      {Journal of Economic dynamics and Control},
  volume =       {17},
  number =       {1-2},
  pages =        {207--231},
  year =         {1993}
}

@Article{kiviet86,
  author =	 {Kiviet, J. F.},
  year =	 1986,
  title =	 {On the Rigour of Some Misspecification Tests for
                  Modelling Dynamic Relationships},
  journal =	 {Review of Economic Studies},
  volume =	 53,
  pages =	 {241--261}
}

@article{klein2000,
  title={{Using the generalized Schur form to solve a multivariate linear rational expectations model}},
  author={Klein, Paul},
  journal={{Journal of Economic Dynamics and Control}},
  volume={24},
  number={10},
  pages={1405--1423},
  year={2000},
  publisher={Elsevier}
}

@Article{koenker81,
  author =	 {Koenker, R.},
  year =	 1981,
  title =	 {A Note on Studentizing a Test for
                  Heteroscedasticity},
  journal =	 {Journal of Econometrics},
  volume =	 17,
  pages =	 {107--112}
}

@InCollection{koenker94,
  author =	 {Koenker, R.},
  year =	 1994,
  title =	 {Confidence Intervals for regression quantiles},
  booktitle =	 {Asymptotic Statistics},
  pages =	 {349--359},
  crossref =	 {mandl-huskova94}
}

@Article{koenker-bassett78,
  author =	 {Koenker, R. and Bassett, G.},
  year =	 1978,
  title =	 {Regression quantiles},
  journal =	 {Econometrica},
  volume =	 46,
  pages =	 {33--50}
}

@Article{koenker-hallock01,
  author =	 {Koenker, R. and Hallock, K.},
  year =	 2001,
  title =	 {Quantile Regression},
  journal =	 {Journal of Economic Perspectives},
  volume =	 15,
  number =	 4,
  pages =	 {143--156}
}

@Article{koenker-machado99,
  author =	 {Koenker, R. and Machado, J.},
  year =	 1999,
  title =	 {Goodness of fit and related inference processes for
                  quantile regression},
  journal =	 {Journal of the American Statistical Association},
  volume =	 94,
  pages =	 {1296--1310}
}

@Article{koenker-zhao94,
  author =	 {Koenker, R. and Zhao, Q.},
  year =	 1994,
  title =	 {L-estimation for linear heteroscedastic models},
  journal =	 {Journal of Nonparametric Statistics},
  volume =	 3,
  pages =	 {223--235}
}

@Article{koopman93,
  author =	 {Koopman, Siem Jan},
  year =	 1993,
  title =	 {Disturbance Smoother for State Space Models},
  journal =	 {Biometrika},
  volume =	 80,
  pages =	 {117--126}
}

@Article{koopman97,
  author =	 {Koopman, Siem Jan},
  year =	 1997,
  title =	 {Exact Initial {K}alman Filtering and Smoothing for
                  Nonstationary Time Series Models},
  journal =	 {Journal of the American Statistical Association},
  volume =	 92,
  pages =	 {1630--1638}
}

@Article{koopman-etal99,
  author =	 {Koopman, Siem Jan and Shephard, N. and Doornik, J. A.},
  year =	 1999,
  title =	 {Statistical Algorithms for Models in State Space
                  using {SsfPack} 2.2},
  journal =	 {Econometrics Journal},
  volume =	 2,
  pages =	 {107--160}
}

@Article{KPSS92,
  author =	 {Kwiatkowski, D. and Phillips, P. C. B. and Schmidt,
                  P. and Shin, Y.},
  year =	 1992,
  title =	 {Testing the Null of Stationarity Against the
                  Alternative of a Unit Root: How Sure Are We That
                  Economic Time Series Have a Unit Root?},
  journal =	 {Journal of Econometrics},
  volume =	 54,
  pages =	 {159--178}
}

@InCollection{levene60,
  author =       {Levene, Hpward},
  year =         1960,
  title =        {Robust Tests for Equality of Variances},
  booktitle =    {Contributions to Probability and Statistics: Essays
                  in honor of {H}arold {H}otelling},
  editor =       {Olkin, I.},
  publisher =    {Stanford University Press},
  pages =        {278--292}
}

@InProceedings{li-lin07,
  author =	 {Li, L. and Lin, H-T.},
  editor =	 {Schölkopf, Bernhard and Platt, John and Hofmann,
                  Thomas},
  title =	 {A Simple Approach to Ordinal Classification},
  booktitle =	 {Advances in Neural Information Processing Systems
                  19: Proceedings of the 2006 Conference},
  year =	 2007,
  publisher =	 {Springer},
  address =	 {Berlin},
  pages =	 {865--872}
}

@Article{li-lin08,
  author =	 {Li, L. and Lin, H-T.},
  year =	 2008,
  title =	 {Support vector machinery for infinite ensemble
                  learning},
  journal =	 {Journal of Machine Learning Research},
  volume =	 {9},
  pages =	 {285--312}
}

@Article{LLC2002,
  author =	 {Levin, Andrew and Lin, Chien-Fu and Chu, James},
  year =	 2002,
  title =	 {Unit root tests in panel data: asymptotic and
                  finite-sample properties},
  journal =	 {Journal of Econometrics},
  volume =	 {108},
  pages =	 {1--24}
}

@Article{locke76,
  author =	 {Locke, C.},
  year =	 1976,
  title =	 {A Test for the Composite Hypothesis that a
                  Population has a Gamma Distribution},
  journal =	 {Communications in Statistics --- Theory and Methods},
  volume =	 {A5},
  pages =	 {351--364}
}

@Article{lucchetti01,
  author =	 {Lucchetti, R. and Papi, L. and Zazzaro, A.},
  year =	 2001,
  title =	 {Banks' Inefficiency and Economic Growth: A Micro
                  Macro Approach},
  journal =	 {Scottish Journal of Political Economy},
  volume =	 48,
  pages =	 {400--424}
}

@Article{lucchetti11,
  author =	 {Lucchetti, R.},
  year =	 2011,
  title =	 {State Space Methods in Gretl},
  journal =	 {Journal of Statistical Software},
  volume =	 41,
  number =       11,
  pages =	 {1--22}
}

@Book{Lutkepohl05,
  author =       {L\"utkepohl, Helmut},
  title =        {New Intoduction to Multiple Time Series Analysis},
  publisher =    {Springer},
  address =      {Berlin},
  year =         2005
}

@Article{mccullough98,
  author =	 {McCullough, B. D. and Renfro, Charles G.},
  year =	 1998,
  title =	 {Benchmarks and software standards: A case study of
                  {GARCH} procedures},
  journal =	 {Journal of Economic and Social Measurement},
  volume =	 25,
  pages =	 {59--71}
}

@Incollection{mcfadden74,
  author =	 {McFadden, Daniel},
  title =	 {Conditional logit analysis of qualitative choice behavior},
  editor =       {Zarembka, Paul},
  booktitle =    {Frontiers in econometrics},
  year =	 1974,
  publisher =    {Academic Press},
  address =      {New York},
  pages =	 {105--142}
}

@Article{mackinnon96,
  author =	 {MacKinnon, J. G.},
  year =	 1996,
  title =	 {Numerical Distribution Functions for Unit Root and
                  Cointegration Tests},
  journal =	 {Journal of Applied Econometrics},
  volume =	 11,
  pages =	 {601--618}
}

@Article{mackinnon-white85,
  author =	 {MacKinnon, J. G. and White, H.},
  title =	 {Some Heteroskedasticity-Consistent Covariance Matrix
                  Estimators with Improved Finite Sample Properties},
  journal =	 {Journal of Econometrics},
  year =	 1985,
  volume =	 29,
  pages =	 {305--325}
}

@Book{maddala92,
  author =	 {Maddala, G. S.},
  title =	 {Introduction to Econometrics},
  publisher =	 {Prentice-Hall},
  year =	 1992,
  address =	 {Englewood Cliffs, NJ}
}

@Book{magneu88,
  author =	 {Magnus, Jan R. and Neudecker, Heinz},
  title =	 {Matrix Differential Calculus with Applications in
                  Statistics and Econometrics},
  publisher =	 {John Wiley \& Sons},
  year =	 {1988}
}

@book{mandelbrot83,
  author =	 {Mandelbrot, Benoit B.},
  title =	 {The Fractal Geometry of Nature},
  publisher =	 {W. H. Freeman},
  year =	 1983,
  address =	 {New York}
}

@Article{marsaglia00,
  author =	 {Marsaglia, G. and Tsang, W. W.},
  year =	 2000,
  title =	 {The Ziggurat Method for Generating Random Variables},
  journal =	 {Journal of Statistical Software},
  volume =	 5,
  pages =	 {3--30}
}

@Article{matsumoto98,
  author =	 {Matsumoto, M. and Nishimura, T.},
  title =	 {Mersenne twister: a 623-dimensionally
                  equidistributed uniform pseudo-random number
                  generator},
  journal =	 {ACM Transactions on Modeling and Computer
                  Simulation},
  year =	 1998,
  volume =	 8,
  pages =	 {3--30}
}

@Book{mccullagh-nelder83,
  author =	 {McCullagh, P. and Nelder, J. A.},
  title =	 {Generalized linear models},
  publisher =	 {Chapman and Hall},
  year =	 1983,
  address =	 {London and New York}
}

@Article{melard84,
  author =	 {Melard, G.},
  title =	 {{Algorithm AS 197: A Fast Algorithm for the Exact
                  Maximum Likelihood of Autoregressive-Moving Average
                  Models}},
  journal =      {Journal of the Royal Statistical Society. Series C
                  (Applied Statistics},
  year =	 1984,
  volume =	 33,
  number =	 1,
  pages =	 {104--114}
}

@Article{morales11,
  author =	 {Morales, J. L. and Nocedal, J.},
  title =	 {Remark on {A}lgorithm 778: {L-BFGS-B}: {F}ortran
                  routines for large-scale bound constrained
                  optimization},
  journal =	 {ACM Transactions on Mathematical Software},
  year =	 2011,
  volume =	 38,
  number =	 1,
  pages =	 {1--4}
}

@Article{mroz87,
  author =	 {Mroz, T.},
  year =	 1987,
  title =	 {The Sensitivity of an Empirical Model of Married
                  Women's Hours of Work to Economic and Statistical
                  Assumptions},
  journal =	 {Econometrica},
  volume =	 5,
  pages =	 {765--799},
  url =		 {https://doi.org/10.2307/1911029}
}

@Article{mull-spiess17,
  author =	 {Mullainathan, Sendhil and Spiess, Jann},
  year =	 2017,
  title =	 {Machine Learning: An Applied Econometric Approach},
  journal =	 {Journal of Economic Perspectives},
  volume =	 31,
  number =	 2,
  pages =	 {87--106},
  url =		 {https://doi.org/10.1257/jep.31.2.87}
}

@Misc{mull-spiess-17a,
  author =	 {Mullainathan, Sendhil and Spiess, Jann},
  year =	 2017,
  title =	 {Machine Learning: An Applied Econometric Approach
                  Online Appendix},
  url =		 {https://www.aeaweb.org/articles?id=10.1257/jep.31.2.87}
}

@Article{nadaraya64,
  author =	 {Nadaraya, E. A.},
  year =	 1964,
  title =	 {On estimating regression},
  journal =	 {Theory of Probability and its Applications},
  volume =	 9,
  pages =	 {141--142}
}

@Book{nash90,
  author =	 {Nash, J. C.},
  year =	 1990,
  title =	 {Compact Numerical Methods for Computers: Linear
                  Algebra and Function Minimisation},
  publisher =	 {Adam Hilger},
  edition =	 {Second},
  address =	 {Bristol}
}

@Article{nerlove71,
  author =	 {Nerlove, M.},
  year =	 1971,
  title =	 {Further Evidence on the Estimation of Dynamic Economic 
                  Relations from a Time Series of Cross Sections},
  journal =	 {Econometrica},
  volume =	 39,
  pages =	 {359--382}
}

@InCollection{nerlove99,
  author =	 {Nerlove, M.},
  year =	 1999,
  title =	 {Properties of Alternative Estimators of Dynamic
                  Panel Models: An Empirical Analysis of Cross-Country
                  Data for the Study of Economic Growth},
  booktitle =	 {Analysis of Panels and Limited Dependent Variable
                  Models},
  crossref =	 {hsiao-etal99}
}

@Book{neter-etal90,
  author =	 {Neter, J. and Wasserman, W. and Kutner, M. H.},
  title =	 {Applied Linear Statistical Models},
  publisher =	 {Irwin},
  year =	 1990,
  address =	 {Boston},
  edition =	 {Third}
}

@Article{newey-west87,
  author =	 {Newey, W. K. and West, K. D.},
  year =	 1987,
  title =	 {A Simple, Positive Semi-Definite, Heteroskedasticity
                  and Autocorrelation Consistent Covariance Matrix},
  journal =	 {Econometrica},
  volume =	 55,
  pages =	 {703--708}
}

@Article{newey-west94,
  author =	 {Newey, W. K. and West, K. D.},
  year =	 1994,
  title =	 {Automatic Lag Selection in Covariance Matrix
                  Estimation},
  journal =	 {Review of Economic Studies},
  volume =	 61,
  pages =	 {631--653}
}

@Article{ng-perron01,
  author =	 {Ng, S. and Perron, P.},
  year =	 2001,
  title =	 {Lag Length Selection and the Construction of Unit
                  Root Tests with Good Size and Power},
  journal =	 {Econometrica},
  volume =	 69,
  number =       6,
  pages =	 {1519--1554}
}

@Article{nelson72,
  author =	 {Nelson, Waynes},
  year =	 1972,
  title =	 {Theory and Applications of Hazard Plotting for Censored Failure Data},
  journal =	 {Technometrics},
  volume =	 14,
  number =       4,
  pages =	 {945--966}
}

@Article{odell-feiveson66,
  author =	 {Odell, P. L. and Feiveson, A. H.},
  title =	 {A Numerical Procedure to Generate a Sample Covariance Matrix},
  journal =	 {Journal of the American Statistical Association},
  year =	 1966,
  volume =	 {61},
  pages =	 {199--203},
  month =        {March}
}

@Article{OkuiJoE2009,
  author =	 {Okui, Ryo},
  title =	 {The optimal choice of moments in dynamic panel data
                  models},
  journal =	 {Journal of Econometrics},
  year =	 2009,
  volume =	 {151},
  number =	 {1},
  pages =	 {1--16},
  month =	 {July}
}

@Article{papadopoulos23,
  author =	 {Papadopoulos, Alecos},
  year =	 2023,
  title =	 {A New Matrix Statistic for the {Hausman} Endogeneity
                  Test under Heteroskedasticity},
  journal =	 {Econometrics},
  volume =	 11,
  number =	 4,
  pages =	 {1--11},
  URL =		 {https://doi.org/10.3390/econometrics11040023}
}

@Article{parzen63,
  author =	 {Parzen, Emanuel},
  year =	 1963,
  title =	 {On Spectral Analysis with Missing Observations and Amplitude Modulation},
  journal =	 {Sankhyā: The Indian Journal of Statistics, Series A},
  volume =	 25,
  number =	 4,
  pages =	 {383--392}
}

@Article{pelagatti11,
  author =	 {Pelagatti, Matteo},
  year =	 2011,
  title =	 {State Space Methods in {O}x/{SsfPack}},
  journal =	 {Journal of Statistical Software},
  volume =	 41,
  number =	 3,
  pages =	 {1--25}
}

@Book{pelagatti15,
  author =	 {Pelagatti, Matteo},
  year =	 2015,
  title =	 {Time Series Modelling with Unobserved Components},
  publisher =	 {Chapman and Hall/CRC},
  address =      {Boca Raton}
}

@Article{peng-aston11,
  author =	 {Peng, Jhy-Ying and Aston, John},
  year =	 2011,
  title =	 {The {S}tate {S}pace {M}odels {T}oolbox for {MATLAB}},
  journal =	 {Journal of Statistical Software},
  volume =	 41,
  number =	 6,
  pages =	 {1--26}
}

@Article{perron-qu07,
  author =	 {Perron, P. and Qu, Z.},
  year =	 2007,
  title =	 {A simple modification to improve the finite sample
                  properties of {N}g and {P}erron's unit root tests},
  journal =	 {Economics Letters},
  volume =	 94,
  number =	 1,
  pages =	 {12--19}
}

@Article{pesaran99,
  author =	 {Pesaran, M. H. and Taylor, L. W.},
  year =	 1999,
  title =	 {Diagnostics for {IV} Regressions},
  journal =	 {Oxford Bulletin of Economics and Statistics},
  volume =	 61,
  number =	 2,
  pages =	 {255--281}
}

@Misc{pesaran04,
  author =	 {Pesaran, M. H.},
  year =	 2004,
  title =	 {General Diagnostic Tests for Cross Section
                  Dependence in Panels},
  howpublished = {Cambridge Working Papers in Economics (CWPE 0435)},
  url =		 {https://www.repository.cam.ac.uk/handle/1810/446}
}

@Article{petris-petrone11,
  author =	 {Petris, Giovanni and Petrone, Sonia},
  year =	 2011,
  title =	 {{S}tate {S}pace {M}odels in {R}},
  journal =	 {Journal of Statistical Software},
  volume =	 41,
  number =	 6,
  pages =	 {1--25}
}

@Book{petty1889,
  author =	 {Petty, William},
  year =	 1899,
  title =	 {The Economic Writings of {S}ir {W}illiam {P}etty},
  volume =	 1,
  note =	 {Edited by Charles Henry Hull},
  publisher =	 {Cambridge University Press},
  address =	 {Cambridge}
}

@Article{phillips04,
  author =	 {Phillips, P. C. B. and Shimotsu, K.},
  year =	 2004,
  title =	 {Local {W}hittle estimation in nonstationary and 
                  unit root cases},
  journal =	 {The Annals of Statistics},
  volume =	 32,
  number =	 2,
  pages =	 {659--692},
  url =          {http://arxiv.org/pdf/math/0406462}
}

@Book{pollock99,
  author =	 {Pollock, D. S. G.},
  year =	 1999,
  title =	 {A Handbook of Time-Series Analysis, Signal
                  Processing and Dynamics},
  publisher =	 {Academic Press},
  address =	 {New York}
}

@Article{pollock2000,
  author =	 {Pollock, D. S. G.},
  year =	 2000,
  title =	 {Trend estimation and de-trending via rational
                  square-wave filters},
  journal =	 {Journal of Econometrics},
  volume =	 99,
  number =       2,
  pages =	 {317--334}
}

@book{pressetal2007,
  author =       {Press, W.H. and Teukolsky, S.A. and Vetterling, W.T. and Flannery, B.P.},
  edition =      3,
  publisher =    {Cambridge University Press},
  title =        {Numerical Recipes: The Art of Scientific Computing},
  year =         2007
}

@Article{portnoy97,
  author =	 {Portnoy, S. and Koenker, R.},
  year =	 1997,
  title =	 {The {G}aussian hare and the {L}aplacian tortoise:
                  computability of squared-error versus absolute-error
                  estimators},
  journal =	 {Statistical Science},
  volume =	 12,
  number =	 4,
  pages =	 {279--300}
}

@Manual{Rmanual,
  title =	 {An Introduction to R},
  author =	 {R Core Development Team},
  edition =	 {1.1.1},
  year =	 2000
}

@Book{ramanathan02,
  author =	 {Ramanathan, Ramu},
  year =	 2002,
  title =	 {Introductory Econometrics with Applications},
  publisher =	 {Harcourt},
  edition =	 {Fifth},
  address =	 {Fort Worth}
}

@Book{Rao73,
  author =	 {Rao, C. Radakrishna},
  year =	 1973,
  title =	 {Linear Statistical Inference and its Applications},
  publisher =	 {Wiley},
  edition =	 {Second},
  address =	 {New York}
}

@Article{rho-vogelsang18,
  author =	 {Rho, Seung-Hwa and Vogelsang, Timothy J.},
  title =	 {Heteroskedasticity Autocorrelation Robust Inference
                  in Time Series Regressions with Missing Data},
  journal =	 {Econometric Theory},
  year =	 2018,
  volume =	 35,
  number =	 3,
  pages =	 {601--629},
  url =		 {https://doi.org/10.1017/S0266466618000117}
}

@Article{ridders79,
  author = 	 {Ridders, C.},
  title = 	 {A new algorithm for computing a single root of a real continuous function},
  journal = 	 {IEEE Transactions on Circuits and Systems},
  year = 	 1979,
  volume =	 26,
  number =       11,
  pages =	 {979--980}
}

@Article{RiversVuong1988,
  author =	 {Rivers, Douglas and Vuong, Quang H.},
  title =	 {Limited information estimators and exogeneity tests
                  for simultaneous probit models},
  journal =	 {Journal of Econometrics},
  year =	 1988,
  volume =	 39,
  number =	 3,
  pages =	 {347--366}
}

@Article{roberts59,
  author = 	 {Roberts, S. W.},
  title = 	 {Control Chart Tests Based on Geometric Moving Averages},
  journal = 	 {Technometrics},
  year = 	 1959,
  volume =	 1,
  number =       3,
  pages =	 {239--250}
}

@Article{robinson95,
  author = 	 {Robinson, P.},
  title = 	 {Gaussian semiparametric estimation of long range
                  dependence},
  journal = 	 {Annals of Statistics},
  year = 	 1995,
  volume =	 22,
  pages =	 {1630--1661}
}

@Article{Roodman2009,
  author =	 {Roodman, David},
  title =	 {How to Do xtabond2: An introduction to difference
                  and system {GMM} in {S}tata},
  journal =	 {The Stata Journal},
  year =	 {2009},
  volume =	 9,
  issue =	 1,
  pages =	 {86--136},
  url =		 {https://doi.org/10.1177/1536867X0900900106}
}

@Article{Roodman2009a,
  author =	 {Roodman, David},
  title =	 {A Note on the Theme of Too Many Instruments},
  journal =	 {Oxford Bulletin of Economics and Statistics},
  year =	 {2009},
  volume =	 71,
  issue =	 1,
  pages =	 {135--158},
  url =		 {https://doi.org/10.1111/j.1468-0084.2008.00542.x}
}

@InCollection{saito_matsumoto08,
  author =	 {Saito, Mutsuo and Matsumoto, Makoto},
  year =	 2008,
  title =	 {{SIMD}-oriented {F}ast {M}ersenne {T}wister: a 128-bit 
                  Pseudorandom Number Generator},
  booktitle =	 {Monte Carlo and Quasi-Monte Carlo Methods 2006},
  editor =       {Keller, Alexander and Heinrich, Stefan and Niederreiter, Harald},
  pages =	 {607--622},
  publisher =    {Springer},
  address =      {Berlin},	 
}

@Article{sargan58,
  author =	 {Sargan, John Denis},
  year =	 1958,
  title =	 {The Estimation of Economic Relationships Using
                  Instrumental Variables},
  journal =	 {Econometrica},
  volume =	 26,
  number =	 3,
  pages =	 {393--415},
  url =		 {https://doi.org/10.2307/1907619}
}

@Article{satter46,
  author =	 {Satterthwaite, F. E.},
  year =	 1946,
  title =	 {An Approximate Distribution of Estimates of
                  Variance Components},
  journal =	 {Biometrics Bulletin},
  volume =	 2,
  number =	 6,
  pages =	 {110--114}
}

@Article{schwarz78,
  author =	 {Schwarz, G.},
  year =	 1978,
  title =	 {Estimating the dimension of a model},
  journal =	 {Annals of Statistics},
  volume =	 6,
  pages =	 {461--464}
}

@Article{schwert89,
  author =	 {Schwert, G. W.},
  year =	 1989,
  title =	 {Tests for Unit Roots: A {M}onte {C}arlo Investigation},
  journal =	 {Journal of Business and Economic Statistics},
  volume =	 7,
  number =       2,
  pages =	 {5--17}
}

@book{shumwaystoffer2017,
  title =        {{Time series analysis and its applications: with R
                  examples}},
  author =       {Shumway, Robert H and Stoffer, David S},
  year =         {2017},
  edition =      {4th},
  publisher =    {Springer}
}

@Article{sephton95,
  author =	 {Sephton, Peter S.},
  title =	 {Response surface estimates of the {KPSS}
                  stationarity test},
  journal =	 {Economics Letters},
  year =	 1995,
  volume =	 47,
  pages =	 {255--261},
}

@Article{sephton21,
  author =	 {Sephton, Peter S.},
  title =	 {Finite Sample Lag Adjusted Critical Values of the
                  {ADF}-{GLS} Test},
  journal =	 {Computational Economics},
  year =	 2021,
  url =          {https://doi.org/10.1007/s10614-020-10082-6}
}

@Article{shapiro-chen01,
  author =	 {Shapiro, S. and Chen, L.},
  title =	 {Composite Tests for the Gamma Distribution},
  journal =	 {Journal of Quality Technology},
  year =	 2001,
  volume =	 33,
  pages =	 {47--59}
}

@Book{silverman86,
  author =	 {Silverman, B. W.},
  title =	 {Density Estimation for Statistics and Data Analysis},
  year =	 1986,
  publisher =	 {Chapman and Hall},
  address =	 {London}
}

@article{sims80,
  author =       {Sims, Christopher A.},
  title =        {Macroeconomics and Reality},
  journal =      {Econometrica},
  year =         1980,
  volume =       48,
  pages =        {1--48}
}

@article{smola04,
  author =	 {Smola, Alex J. and Sch\"olkopf, Bernhard},
  title =	 {A tutorial on support vector regression},
  journal =	 {Statistics and Computing},
  year =	 2004,
  volume =	 14,
  pages =	 {199--222},
  url =		 {https://alex.smola.org/papers/2004/SmoSch04.pdf}
}

@Misc{steinhaus99,
  author =	 {Steinhaus, Stefan},
  year =	 1999,
  title =	 {Comparison of mathematical programs for data
                  analysis (edition 3)},
  howpublished = {University of Frankfurt},
  url =          {http://www.informatik.uni-frankfurt.de/~stst/ncrunch/}
}

@Book{stock-watson03,
  author =	 {Stock, James H. and Watson, Mark W.},
  title =	 {Introduction to Econometrics},
  publisher =	 {Addison-Wesley},
  year =	 2003,
  address =	 {Boston}
}

@Article{stock-watson08,
  author =	 {Stock, James H. and Watson, Mark W.},
  year =	 2008,
  title =	 {Heteroskedasticity-Robust Standard Errors for
                  Fixed Effects Panel Data Regression},
  journal =      {Econometrica},
  volume =       76,
  number =       1,
  pages =        {155--174}
}

@Article{stock-wright-yogo02,
  author =	 {Stock, James H. and Wright, Jonathan H. and Yogo,
                  Motohiro},
  year =	 2002,
  title =	 {A Survey of Weak Instruments and Weak Identification
                  in Generalized Method of Moments},
  journal =	 {Journal of Business \& Economic Statistics},
  volume =	 20,
  number =	 4,
  pages =	 {518--529}
}

@article{stock-watson1999,
  title =	 {Forecasting inflation},
  author =	 {Stock, James H. and Watson, Mark W.},
  journal =	 {Journal of Monetary Economics},
  volume =	 {44},
  number =	 {2},
  pages =	 {293--335},
  year =	 {1999},
  publisher =	 {Elsevier}
}

@Misc{stock-yogo03,
  author =	 {Stock, James H. and Yogo, Motohiro},
  year =	 2003,
  title =	 {Testing for Weak Instruments in Linear {IV}
                  Regression},
  howpublished = {NBER Technical Working Paper 284},
  url =          {https://www.nber.org/papers/t0284}
}

@Article{stoffer-wall91,
  author =	 {Stoffer, D. S. and Wall, D. K.},
  year =	 1991,
  title =	 {Bootstrapping state-space models: {G}aussian maximum
                  likelihood estimation and the {K}alman filter},
  journal =	 {Journal of the American Statistical Association},
  volume =	 86,
  pages =	 {1024--1033}
}

@Article{stokes04,
  author =	 {Stokes, Houston H.},
  year =	 2004,
  title =	 {On the advantage of using two or more econometric
                  software systems to solve the same problem},
  journal =	 {Journal of Economic and Social Measurement},
  volume =	 29,
  pages =	 {307--320}
}

@Article{swamy72,
  author =	 {Swamy, P. A. V. B. and Arora, S. S.},
  year =	 1972,
  title =	 {The Exact Finite Sample Properties of the Estimators
                  of Coefficients in the Error Components Regression
                  Models},
  journal =	 {Econometrica},
  volume =	 40,
  pages =	 {261--275}
}

@Book{theil61,
  author =	 {Theil, H.},
  year =	 1961,
  title =	 {Economic Forecasting and Policy},
  publisher =	 {North-Holland},
  address =	 {Amsterdam}
}

@Book{theil66,
  author =	 {Theil, H.},
  year =	 1966,
  title =	 {Applied Economic Forecasting},
  publisher =	 {North-Holland},
  address =	 {Amsterdam}
}

@Article{tibshirani96,
  author =	 {Robert Tibshirani},
  year =	 1996,
  title =	 {Regression Shrinkage and Selection via the Lasso},
  journal =	 {Journal of the Royal Statistical Society, Series B},
  volume =	 58,
  number =       1,
  pages =	 {267--288},
  url =          {https://www.jstor.org/stable/2346178}
}

@Book{vapnik98,
  author =	 {Vapnik, V.},
  year =	 1998,
  title =	 {Statistical Learning Theory},
  publisher =	 {Wiley},
  address =	 {New York}
}

@Book{verbeek04,
  author =	 {Verbeek, Marno},
  year =	 2004,
  title =	 {A Guide to Modern Econometrics},
  publisher =	 {Wiley},
  edition =	 {Second},
  address =	 {New York}
}

@Article{watson64,
  author =	 {Watson, G. S.},
  year =	 1964,
  title =	 {Smooth regression analysis},
  journal =	 {Shankya Series A},
  volume =	 26,
  pages =	 {359--372}
}

@Article{welch51,
  author =	 {Welch, B. L.},
  year =	 1951,
  title =	 {On the Comparison of Several Mean Values: An
                  Alternative Approach},
  journal =	 {Biometrika},
  volume =	 38,
  pages =	 {330--336}
}

@Article{white80,
  author =	 {White, H.},
  year =	 1980,
  title =	 {A Heteroskedasticity-Consistent Covariance Matrix
                  Astimator and a Direct Test for Heteroskedasticity},
  journal =	 {Econometrica},
  volume =	 48,
  pages =	 {817--838}
}

@Article{windmeijer05,
  author =	 {Windmeijer, F.},
  year =	 2005,
  title =	 {A Finite Sample Correction for the Variance of
                  Linear Efficient Two-step {GMM} Estimators},
  journal =	 {Journal of Econometrics},
  volume =	 126,
  pages =	 {25--51}
}

@Article{wooldridge90,
  author =	 {Wooldridge, Jeffrey M.},
  year =	 1990,
  title =	 {A note on the {L}agrange multiplier and {F}-statistics
                  for two stage least squares regressions},
  journal =	 {Economics Letters},
  volume =	 34,
  pages =	 {151--155}
}

@Book{wooldridge-panel,
  author =	 {Wooldridge, Jeffrey M.},
  year =	 2002,
  title =	 {Econometric Analysis of Cross Section and Panel
                  Data},
  publisher =	 {MIT Press},
  address =	 {Cambridge, MA}
}

@Book{wooldridge-intro,
  author =	 {Wooldridge, Jeffrey M.},
  year =	 2002,
  title =	 {Introductory Econometrics, A Modern Approach},
  publisher =	 {South-Western},
  edition =	 {Second},
  address =	 {Mason, OH}
}

@Article{yalta07,
  author =	 {Yalta, A. Talha and Yalta, A. Yasemin},
  year =	 2007,
  title =	 {{GRETL} 1.6.0 and its numerical accuracy},
  journal =	 {Journal of Applied Econometrics},
  volume =	 22,
  pages =	 {849--854}
}

@Article{zhu-etal97,
  author =	 {Zhu, C. and Byrd, R. H. and Nocedal, J.},
  year =	 1997,
  title =	 {{A}lgorithm 778: {L-BFGS-B}: {F}ortran routines for
                  large-scale bound-constrained optimization},
  journal =	 {ACM Transactions on Mathematical Software},
  volume =	 23,
  number =	 4,
  pages =	 {550--560}
}

@Misc{zou-hastie05,
  author =	 {Zou, Hui and Hastie, Trevor},
  year =	 2005,
  title =	 {Regularization and Variable Selection via the Elastic Net},
  howpublished = {Department of Statistics, Stanford University},
  url =          {https://web.stanford.edu/~hastie/TALKS/enet_talk.pdf}
}

%% Cross-referenced entries: must remain at end of listing

@Book{hsiao-etal99,
  editor =	 {Hsiao, C. and Lahiri, K. and Lee, L.-F. and Pesaran,
                  M. H.},
  year =	 1999,
  title =	 {Analysis of Panels and Limited Dependent Variable
                  Models},
  publisher =	 {Cambridge University Press},
  address =	 {Cambridge}
}

@Book{keller_etal08}
  author =	 {Keller, Alexander and Heinrich, Stefan and Niederreiter, Harald},
  year =	 2008,
  title =	 {{M}onte {C}arlo and Quasi-{M}onte {C}arlo Methods 2006},
  publisher =	 {Springer},
  address =	 {Berlin}
}

@Book{mandl-huskova94,
  editor =	 {P. Mandl and M. Huskova},
  title =	 {Asymptotic Statistics},
  publisher =	 {Springer-Verlag},
  year =	 1994,
  address =	 {New York}
}
